@ARTICLE{1994ApJ...427L...9K,
   author = {{Koo}, D.~C. and {Bershady}, M.~A. and {Wirth}, G.~D. and {Stanford}, S.~A. and 
	{Majewski}, S.~R.},
    title = "{HST images of very compact blue galaxies at Z approximately 0.2}",
  journal = {\apjl},
 keywords = {Blue Stars, Compact Galaxies, Cosmology, Galactic Evolution, Galactic Structure, Images, Ionization, Red Shift, Starburst Galaxies, Stellar Luminosity, Astronomical Observatories, Cameras, Hubble Space Telescope, Isophotes, Spectral Resolution, Spectroscopic Telescopes, Wide Angle Lenses},
     year = 1994,
    month = may,
   volume = 427,
    pages = {L9-L12},
      doi = {10.1086/187352},
   adsurl = {http://adsabs.harvard.edu/abs/1994ApJ...427L...9K},
  adsnote = {Provided by the SAO/NASA Astrophysics Data System}
}

@ARTICLE{1995ApJ...440L..49K,
   author = {{Koo}, D.~C. and {Guzman}, R. and {Faber}, S.~M. and {Illingworth}, G.~D. and 
	{Bershady}, M.~A. and {Kron}, R.~G. and {Takamiya}, M.},
    title = "{High-resolution spectra of distant compact narrow emission line galaxies: Progrenitors of spheroidal galaxies}",
  journal = {\apjl},
 keywords = {Compact Galaxies, Emission Spectra, Galactic Evolution, Line Spectra, Spectral Line Width, High Resolution, Red Shift, Star Formation, Starburst Galaxies},
     year = 1995,
    month = feb,
   volume = 440,
    pages = {L49-L52},
      doi = {10.1086/187758},
   adsurl = {http://adsabs.harvard.edu/abs/1995ApJ...440L..49K},
  adsnote = {Provided by the SAO/NASA Astrophysics Data System}
}


@ARTICLE{1998ApJ...495L..13G,
   author = {{Guzm{\'a}n}, R. and {Jangren}, A. and {Koo}, D.~C. and {Bershady}, M.~A. and 
	{Simard}, L.},
    title = "{Optical Structure and Colors of Faint Compact Narrow Emission-Line Galaxies}",
  journal = {\apjl},
 keywords = {GALAXIES: FORMATION, GALAXIES: COMPACT, GALAXIES: EVOLUTION, GALAXIES: FUNDAMENTAL PARAMETERS, COSMOLOGY: OBSERVATIONS, Cosmology: Observations, Galaxies: Compact, Galaxies: Evolution, Galaxies: Formation, Galaxies: Fundamental Parameters},
     year = 1998,
    month = mar,
   volume = 495,
    pages = {L13-L17},
      doi = {10.1086/311205},
   adsurl = {http://adsabs.harvard.edu/abs/1998ApJ...495L..13G},
  adsnote = {Provided by the SAO/NASA Astrophysics Data System}
}

@ARTICLE{1996ApJ...460L...5G,
   author = {{Guzm{\'a}n}, R. and {Koo}, D.~C. and {Faber}, S.~M. and {Illingworth}, G.~D. and 
	{Takamiya}, M. and {Kron}, R.~G. and {Bershady}, M.~A.},
    title = "{On the Nature of the Faint Compact Narrow Emission-Line Galaxies: The Half-Light Radius--Velocity Width Diagram}",
  journal = {\apjl},
 keywords = {GALAXIES: FORMATION, GALAXIES: COMPACT, GALAXIES: EVOLUTION, GALAXIES: FUNDAMENTAL PARAMETERS, COSMOLOGY: OBSERVATIONS},
     year = 1996,
    month = mar,
   volume = 460,
    pages = {L5},
      doi = {10.1086/309966},
   adsurl = {http://adsabs.harvard.edu/abs/1996ApJ...460L...5G},
  adsnote = {Provided by the SAO/NASA Astrophysics Data System}
}


@ARTICLE{1997ApJ...489..559G,
   author = {{Guzm{\'a}n}, R. and {Gallego}, J. and {Koo}, D.~C. and {Phillips}, A.~C. and 
	{Lowenthal}, J.~D. and {Faber}, S.~M. and {Illingworth}, G.~D. and 
	{Vogt}, N.~P.},
    title = "{The Nature of Compact Galaxies in the Hubble Deep Field. II. Spectroscopic Properties and Implications for the Evolution of the Star Formation Rate Density of the Universe1,}",
  journal = {\apj},
   eprint = {astro-ph/9704001},
 keywords = {Cosmology: Observations, Galaxies: Compact, Galaxies: Evolution, Galaxies: Formation, Galaxies: Fundamental Parameters},
     year = 1997,
    month = nov,
   volume = 489,
    pages = {559-572},
      doi = {10.1086/304797},
   adsurl = {http://adsabs.harvard.edu/abs/1997ApJ...489..559G},
  adsnote = {Provided by the SAO/NASA Astrophysics Data System}
}

@ARTICLE{1997ApJ...489..543P,
   author = {{Phillips}, A.~C. and {Guzm{\'a}n}, R. and {Gallego}, J. and 
	{Koo}, D.~C. and {Lowenthal}, J.~D. and {Vogt}, N.~P. and {Faber}, S.~M. and 
	{Illingworth}, G.~D.},
    title = "{The Nature of Compact Galaxies in the Hubble Deep Field. I. Global Properties1,}",
  journal = {\apj},
 keywords = {Cosmology: Observations, Galaxies: Compact, Galaxies: Distances and Redshifts, Galaxies: Evolution, Galaxies: Photometry, Galaxies: Structure},
     year = 1997,
    month = nov,
   volume = 489,
    pages = {543-558},
      doi = {10.1086/304796},
   adsurl = {http://adsabs.harvard.edu/abs/1997ApJ...489..543P},
  adsnote = {Provided by the SAO/NASA Astrophysics Data System}
}


@ARTICLE{1996ApJ...464...79S,
   author = {{Schade}, D. and {Lilly}, S.~J. and {Le Fevre}, O. and {Hammer}, F. and 
	{Crampton}, D.},
    title = "{Canada-France Redshift Survey. XI. Morphology of High-Redshift Field Galaxies from High-Resolution Ground-based Imaging}",
  journal = {\apj},
   eprint = {astro-ph/9601047},
 keywords = {GALAXIES: DISTANCES AND REDSHIFTS, GALAXIES: EVOLUTION, GALAXIES: PHOTOMETRY},
     year = 1996,
    month = jun,
   volume = 464,
    pages = {79},
      doi = {10.1086/177301},
   adsurl = {http://adsabs.harvard.edu/abs/1996ApJ...464...79S},
  adsnote = {Provided by the SAO/NASA Astrophysics Data System}
}


@ARTICLE{1995ApJ...451L...1S,
   author = {{Schade}, D. and {Lilly}, S.~J. and {Crampton}, D. and {Hammer}, F. and 
	{Le Fevre}, O. and {Tresse}, L.},
    title = "{Canada-France Redshift Survey: Hubble Space Telescope Imaging of High-Redshift Field Galaxies}",
  journal = {\apjl},
   eprint = {astro-ph/9507028},
 keywords = {GALAXIES: EVOLUTION, GALAXIES: FUNDAMENTAL PARAMETERS},
     year = 1995,
    month = sep,
   volume = 451,
    pages = {L1},
      doi = {10.1086/309677},
   adsurl = {http://adsabs.harvard.edu/abs/1995ApJ...451L...1S},
  adsnote = {Provided by the SAO/NASA Astrophysics Data System}
}

@ARTICLE{2007ApJ...671..310G,
   author = {{Garland}, C.~A. and {Pisano}, D.~J. and {Williams}, J.~P. and 
	{Guzm{\'a}n}, R. and {Castander}, F.~J. and {Sage}, L.~J.},
    title = "{The Nature of Nearby Counterparts to Intermediate-Redshift Luminous Compact Blue Galaxies. III. Interferometric Observations of Neutral Atomic and Molecular Gas}",
  journal = {\apj},
archivePrefix = "arXiv",
   eprint = {0708.2703},
 keywords = {Galaxies: Fundamental Parameters, Galaxies: ISM, Galaxies: Kinematics and Dynamics, Galaxies: Starburst},
     year = 2007,
    month = dec,
   volume = 671,
    pages = {310-322},
      doi = {10.1086/522514},
   adsurl = {http://adsabs.harvard.edu/abs/2007ApJ...671..310G},
  adsnote = {Provided by the SAO/NASA Astrophysics Data System}
}

@ARTICLE{2004ApJ...615..689G,
   author = {{Garland}, C.~A. and {Pisano}, D.~J. and {Williams}, J.~P. and 
	{Guzm{\'a}n}, R. and {Castander}, F.~J.},
    title = "{The Nature of Nearby Counterparts to Intermediate-Redshift Luminous Compact Blue Galaxies. I. Optical/H I Properties and Dynamical Masses}",
  journal = {\apj},
   eprint = {astro-ph/0407438},
 keywords = {Galaxies: Evolution, Galaxies: Fundamental Parameters, Galaxies: ISM, Galaxies: Kinematics and Dynamics, Galaxies: Starburst},
     year = 2004,
    month = nov,
   volume = 615,
    pages = {689-701},
      doi = {10.1086/424562},
   adsurl = {http://adsabs.harvard.edu/abs/2004ApJ...615..689G},
  adsnote = {Provided by the SAO/NASA Astrophysics Data System}
}

@ARTICLE{2015ApJ...807..134G,
   author = {{Garland}, C.~A. and {Pisano}, D.~J. and {Mac Low}, M.-M. and 
	{Kreckel}, K. and {Rabidoux}, K. and {Guzm{\'a}n}, R.},
    title = "{Nearby Clumpy, Gas Rich, Star-forming Galaxies: Local Analogs of High-redshift Clumpy Galaxies}",
  journal = {\apj},
archivePrefix = "arXiv",
   eprint = {1506.04649},
 keywords = {galaxies: evolution, galaxies: ISM, galaxies: star formation},
     year = 2015,
    month = jul,
   volume = 807,
      eid = {134},
    pages = {134},
      doi = {10.1088/0004-637X/807/2/134},
   adsurl = {http://adsabs.harvard.edu/abs/2015ApJ...807..134G},
  adsnote = {Provided by the SAO/NASA Astrophysics Data System}
}

@ARTICLE{2014arXiv1412.4739R,
   author = {{Rabidoux}, K. and {Pisano}, D.~J. and {Garland}, C.~A. and 
	{Guzman}, R. and {Castander}, F.~J. and {Wolfe}, S.},
    title = "{Resolved H I observations of local analogs to z \~{} 1 luminous compact blue galaxies: evidence for rotation-supported disks}",
  journal = {ArXiv e-prints},
archivePrefix = "arXiv",
   eprint = {1412.4739},
 keywords = {Astrophysics - Astrophysics of Galaxies},
     year = 2014,
    month = dec,
   adsurl = {http://adsabs.harvard.edu/abs/2014arXiv1412.4739R},
  adsnote = {Provided by the SAO/NASA Astrophysics Data System}
}



@ARTICLE{2010ApJ...708.1076T,
   author = {{Tollerud}, E.~J. and {Barton}, E.~J. and {van Zee}, L. and 
	{Cooke}, J.},
    title = "{The WHIQII Survey: Metallicities and Spectroscopic Properties of Luminous Compact Blue Galaxies}",
  journal = {\apj},
archivePrefix = "arXiv",
   eprint = {0911.1789},
 primaryClass = "astro-ph.CO",
 keywords = {galaxies: abundances, galaxies: evolution, galaxies: high-redshift, galaxies: starburst},
     year = 2010,
    month = jan,
   volume = 708,
    pages = {1076-1091},
      doi = {10.1088/0004-637X/708/2/1076},
   adsurl = {http://adsabs.harvard.edu/abs/2010ApJ...708.1076T},
  adsnote = {Provided by the SAO/NASA Astrophysics Data System}
}

@ARTICLE{2007A&A...469..483R,
   author = {{Rawat}, A. and {Kembhavi}, A.~K. and {Hammer}, F. and {Flores}, H. and 
	{Barway}, S.},
    title = "{Unravelling the morphologies of luminous compact galaxies using the HST/ACS GOODS survey}",
  journal = {\aap},
archivePrefix = "arXiv",
   eprint = {0704.2177},
 keywords = {galaxies: starburst, galaxies: fundamental parameters, galaxies: formation, galaxies: evolution},
     year = 2007,
    month = jul,
   volume = 469,
    pages = {483-501},
      doi = {10.1051/0004-6361:20065737},
   adsurl = {http://adsabs.harvard.edu/abs/2007A%26A...469..483R},
  adsnote = {Provided by the SAO/NASA Astrophysics Data System}
}


@ARTICLE{2006ApJ...636L..13C,
   author = {{Crawford}, S.~M. and {Bershady}, M.~A. and {Glenn}, A.~D. and 
	{Hoessel}, J.~G.},
    title = "{Luminous Compact Blue Galaxies in Intermediate-Redshift Galaxy Clusters: A Significant but Extreme Butcher-Oemler Population}",
  journal = {\apjl},
   eprint = {astro-ph/0511526},
 keywords = {Galaxies: Clusters: General, Galaxies: Clusters: Individual: Alphanumeric: Cl 1604+4304, Galaxies: Clusters: Individual: Alphanumeric: MS 0451.6-0305, Galaxies: Evolution, Galaxies: Photometry, Galaxies: Starburst},
     year = 2006,
    month = jan,
   volume = 636,
    pages = {L13-L16},
      doi = {10.1086/499777},
   adsurl = {http://adsabs.harvard.edu/abs/2006ApJ...636L..13C},
  adsnote = {Provided by the SAO/NASA Astrophysics Data System}
}

@ARTICLE{2011ApJ...741...98C,
   author = {{Crawford}, S.~M. and {Wirth}, G.~D. and {Bershady}, M.~A. and 
	{Hon}, K.},
    title = "{Spectroscopy of Luminous Compact Blue Galaxies in Distant Clusters. I. Spectroscopic Data}",
  journal = {\apj},
archivePrefix = "arXiv",
   eprint = {1107.5276},
 keywords = {galaxies: clusters: general, galaxies: clusters: individual: MS0451{\ndash}03 Cl0016+16 ClJ1324+3011 MS1054{\ndash}03 ClJ1604+430, galaxies: distances and redshifts, galaxies: evolution, galaxies: starburst},
     year = 2011,
    month = nov,
   volume = 741,
      eid = {98},
    pages = {98},
      doi = {10.1088/0004-637X/741/2/98},
   adsurl = {http://adsabs.harvard.edu/abs/2011ApJ...741...98C},
  adsnote = {Provided by the SAO/NASA Astrophysics Data System}
}

@ARTICLE{2014ApJ...786...30C,
   author = {{Crawford}, S.~M. and {Wirth}, G.~D. and {Bershady}, M.~A.},
    title = "{Spatial and Kinematic Distributions of Transition Populations in Intermediate Redshift Galaxy Clusters}",
  journal = {\apj},
archivePrefix = "arXiv",
   eprint = {1403.1115},
 keywords = {galaxies: distances and redshifts, galaxies: clusters: general, galaxies: photometry},
     year = 2014,
    month = may,
   volume = 786,
      eid = {30},
    pages = {30},
      doi = {10.1088/0004-637X/786/1/30},
   adsurl = {http://adsabs.harvard.edu/abs/2014ApJ...786...30C},
  adsnote = {Provided by the SAO/NASA Astrophysics Data System}
}

@ARTICLE{2016ApJ...817...87C,
   author = {{Crawford}, S.~M. and {Wirth}, G.~D. and {Bershady}, M.~A. and 
	{Randriamampandry}, S.~M.},
    title = "{Spectroscopy of Luminous Compact Blue Galaxies in Distant Clusters. II. Physical Properties of dE Progenitor Candidates}",
  journal = {\apj},
archivePrefix = "arXiv",
   eprint = {1511.05576},
 keywords = {galaxies: clusters: general, galaxies: evolution},
     year = 2016,
    month = feb,
   volume = 817,
      eid = {87},
    pages = {87},
      doi = {10.3847/0004-637X/817/2/87},
   adsurl = {http://adsabs.harvard.edu/abs/2016ApJ...817...87C},
  adsnote = {Provided by the SAO/NASA Astrophysics Data System}
}

@ARTICLE{1968ApJ...151..393S,
   author = {{Schmidt}, M.},
    title = "{Space Distribution and Luminosity Functions of Quasi-Stellar Radio Sources}",
  journal = {\apj},
     year = 1968,
    month = feb,
   volume = 151,
    pages = {393},
      doi = {10.1086/149446},
   adsurl = {http://adsabs.harvard.edu/abs/1968ApJ...151..393S},
  adsnote = {Provided by the SAO/NASA Astrophysics Data System}
}


@ARTICLE{1971MNRAS.155...95L,
   author = {{Lynden-Bell}, D.},
    title = "{A method of allowing for known observational selection in small samples applied to 3CR quasars}",
  journal = {\mnras},
     year = 1971,
   volume = 155,
    pages = {95},
      doi = {10.1093/mnras/155.1.95},
   adsurl = {http://adsabs.harvard.edu/abs/1971MNRAS.155...95L},
  adsnote = {Provided by the SAO/NASA Astrophysics Data System}
}

@ARTICLE{1979ApJ...231..645T,
   author = {{Turner}, E.~L.},
    title = "{Statistics of the Hubble diagram. II - The form of the luminosity function and density variations with application to quasars}",
  journal = {\apj},
 keywords = {Density Distribution, Distribution Functions, Hubble Diagram, Quasars, Statistical Distributions, Stellar Luminosity, Cosmology, Galactic Structure, Integral Equations, Iteration, Red Shift, Spatial Distribution},
     year = 1979,
    month = aug,
   volume = 231,
    pages = {645-652},
      doi = {10.1086/157227},
   adsurl = {http://adsabs.harvard.edu/abs/1979ApJ...231..645T},
  adsnote = {Provided by the SAO/NASA Astrophysics Data System}
}


@ARTICLE{1979ApJ...234..775T,
   author = {{Tammann}, G.~A. and {Yahil}, A. and {Sandage}, A.},
    title = "{The velocity field of bright nearby galaxies. II - Luminosity functions for various Hubble types and luminosity classes - The peculiar motion of the local group relative to the Virgo cluster}",
  journal = {\apj},
 keywords = {Galactic Clusters, Galactic Radiation, Local Group (Astronomy), Luminous Intensity, Radial Velocity, Spiral Galaxies, Distance, Elliptical Galaxies, Hubble Diagram, Red Shift, Velocity Distribution, Virgo Galactic Cluster},
     year = 1979,
    month = dec,
   volume = 234,
    pages = {775-784},
      doi = {10.1086/157556},
   adsurl = {http://adsabs.harvard.edu/abs/1979ApJ...234..775T},
  adsnote = {Provided by the SAO/NASA Astrophysics Data System}
}


@ARTICLE{1972ApJ...172..253S,
   author = {{Sandage}, A. and {Tammann}, G.~A. and {Hardy}, E.},
    title = "{Limits on the Local Deviation of the Universe from a Homogeneous Model.}",
  journal = {\apj},
     year = 1972,
    month = mar,
   volume = 172,
    pages = {253},
      doi = {10.1086/151344},
   adsurl = {http://adsabs.harvard.edu/abs/1972ApJ...172..253S},
  adsnote = {Provided by the SAO/NASA Astrophysics Data System}
}


@ARTICLE{1986MNRAS.223....1C,
   author = {{Choloniewski}, J.},
    title = "{New method for the determination of the luminosity function of galaxies}",
  journal = {\mnras},
 keywords = {Galaxies, Luminosity, Nonparametric Statistics, Virgo Galactic Cluster},
     year = 1986,
    month = nov,
   volume = 223,
    pages = {1-9},
      doi = {10.1093/mnras/223.1.1},
   adsurl = {http://adsabs.harvard.edu/abs/1986MNRAS.223....1C},
  adsnote = {Provided by the SAO/NASA Astrophysics Data System}
}


@ARTICLE{1988MNRAS.232..431E,
   author = {{Efstathiou}, G. and {Ellis}, R.~S. and {Peterson}, B.~A.},
    title = "{Analysis of a complete galaxy redshift survey. II - The field-galaxy luminosity function}",
  journal = {\mnras},
 keywords = {Galactic Radiation, Luminous Intensity, Red Shift, Radiant Flux Density, Spatial Distribution},
     year = 1988,
    month = may,
   volume = 232,
    pages = {431-461},
      doi = {10.1093/mnras/232.2.431},
   adsurl = {http://adsabs.harvard.edu/abs/1988MNRAS.232..431E},
  adsnote = {Provided by the SAO/NASA Astrophysics Data System}
}


@ARTICLE{2015ApJ...815...94B,
   author = {{Beare}, R. and {Brown}, M.~J.~I. and {Pimbblet}, K. and {Bian}, F. and 
	{Lin}, Y.-T.},
    title = "{The $\lt$i$\gt$z$\lt$/i$\gt$ $\gt$ 1.2 Optical Luminosity Function from a Sample of 410,000 Galaxies in Bo{\#1255}tes}",
  journal = {\apj},
archivePrefix = "arXiv",
   eprint = {1511.01580},
 keywords = {galaxies: abundances, galaxies: evolution, galaxies: statistics},
     year = 2015,
    month = dec,
   volume = 815,
      eid = {94},
    pages = {94},
      doi = {10.1088/0004-637X/815/2/94},
   adsurl = {http://adsabs.harvard.edu/abs/2015ApJ...815...94B},
  adsnote = {Provided by the SAO/NASA Astrophysics Data System}
}

@ARTICLE{2012ApJ...755...48K,
   author = {{Knobel}, C. and {Lilly}, S.~J. and {Carollo}, C.~M. and {Contini}, T. and 
	{Kneib}, J.-P. and {Le Fevre}, O. and {Mainieri}, V. and {Renzini}, A. and 
	{Scodeggio}, M. and {Zamorani}, G. and {Bardelli}, S. and {Bolzonella}, M. and 
	{Bongiorno}, A. and {Caputi}, K. and {Cucciati}, O. and {de la Torre}, S. and 
	{de Ravel}, L. and {Franzetti}, P. and {Garilli}, B. and {Iovino}, A. and 
	{Kampczyk}, P. and {Kova{\v c}}, K. and {Lamareille}, F. and 
	{Le Borgne}, J.-F. and {Le Brun}, V. and {Maier}, C. and {Mignoli}, M. and 
	{Pello}, R. and {Peng}, Y. and {Perez Montero}, E. and {Presotto}, V. and 
	{Silverman}, J. and {Tanaka}, M. and {Tasca}, L. and {Tresse}, L. and 
	{Vergani}, D. and {Zucca}, E. and {Barnes}, L. and {Bordoloi}, R. and 
	{Cappi}, A. and {Cimatti}, A. and {Coppa}, G. and {Koekemoer}, A.~M. and 
	{L{\'o}pez-Sanjuan}, C. and {McCracken}, H.~J. and {Moresco}, M. and 
	{Nair}, P. and {Pozzetti}, L. and {Welikala}, N.},
    title = "{A Group-galaxy Cross-correlation Function Analysis in zCOSMOS}",
  journal = {\apj},
archivePrefix = "arXiv",
   eprint = {1207.0005},
 primaryClass = "astro-ph.CO",
 keywords = {cosmology: observations, galaxies: clusters: general, galaxies: groups: general, galaxies: statistics, large-scale structure of universe},
     year = 2012,
    month = aug,
   volume = 755,
      eid = {48},
    pages = {48},
      doi = {10.1088/0004-637X/755/1/48},
   adsurl = {http://adsabs.harvard.edu/abs/2012ApJ...755...48K},
  adsnote = {Provided by the SAO/NASA Astrophysics Data System}
}

@ARTICLE{2014ApJS..211...17A,
   author = {{Ahn}, C.~P. and {Alexandroff}, R. and {Allende Prieto}, C. and 
	{Anders}, F. and {Anderson}, S.~F. and {Anderton}, T. and {Andrews}, B.~H. and 
	{Aubourg}, {\'E}. and {Bailey}, S. and {Bastien}, F.~A. and et al.},
    title = "{The Tenth Data Release of the Sloan Digital Sky Survey: First Spectroscopic Data from the SDSS-III Apache Point Observatory Galactic Evolution Experiment}",
  journal = {\apjs},
archivePrefix = "arXiv",
   eprint = {1307.7735},
 primaryClass = "astro-ph.IM",
 keywords = {atlases, catalogs, surveys},
     year = 2014,
    month = apr,
   volume = 211,
      eid = {17},
    pages = {17},
      doi = {10.1088/0067-0049/211/2/17},
   adsurl = {http://adsabs.harvard.edu/abs/2014ApJS..211...17A},
  adsnote = {Provided by the SAO/NASA Astrophysics Data System}
}

@ARTICLE{2017MNRAS.464.1569A,
   author = {{Andrews}, S.~K. and {Driver}, S.~P. and {Davies}, L.~J.~M. and 
	{Kafle}, P.~R. and {Robotham}, A.~S.~G. and {Wright}, A.~H.},
    title = "{G10/COSMOS: 38 band (far-UV to far-IR) panchromatic photometry using LAMBDAR}",
  journal = {\mnras},
archivePrefix = "arXiv",
   eprint = {1609.09579},
 keywords = {catalogues, galaxies: general, galaxies: photometry},
     year = 2017,
    month = jan,
   volume = 464,
    pages = {1569-1590},
      doi = {10.1093/mnras/stw2395},
   adsurl = {http://adsabs.harvard.edu/abs/2017MNRAS.464.1569A},
  adsnote = {Provided by the SAO/NASA Astrophysics Data System}
}

@ARTICLE{2014MNRAS.441.2440B,
   author = {{Baldry}, I.~K. and {Alpaslan}, M. and {Bauer}, A.~E. and {Bland-Hawthorn}, J. and 
	{Brough}, S. and {Cluver}, M.~E. and {Croom}, S.~M. and {Davies}, L.~J.~M. and 
	{Driver}, S.~P. and {Gunawardhana}, M.~L.~P. and {Holwerda}, B.~W. and 
	{Hopkins}, A.~M. and {Kelvin}, L.~S. and {Liske}, J. and {L{\'o}pez-S{\'a}nchez}, {\'A}.~R. and 
	{Loveday}, J. and {Norberg}, P. and {Peacock}, J. and {Robotham}, A.~S.~G. and 
	{Taylor}, E.~N.},
    title = "{Galaxy And Mass Assembly (GAMA): AUTOZ spectral redshift measurements, confidence and errors}",
  journal = {\mnras},
archivePrefix = "arXiv",
   eprint = {1404.2626},
 primaryClass = "astro-ph.IM",
 keywords = {methods: data analysis, techniques: spectroscopic, surveys},
     year = 2014,
    month = jul,
   volume = 441,
    pages = {2440-2451},
      doi = {10.1093/mnras/stu727},
   adsurl = {http://adsabs.harvard.edu/abs/2014MNRAS.441.2440B},
  adsnote = {Provided by the SAO/NASA Astrophysics Data System}
}


@ARTICLE{2007AJ....133..734B,
   author = {{Blanton}, M.~R. and {Roweis}, S.},
    title = "{K-Corrections and Filter Transformations in the Ultraviolet, Optical, and Near-Infrared}",
  journal = {\aj},
   eprint = {astro-ph/0606170},
 keywords = {galaxies: fundamental parameters, galaxies: photometry, galaxies: statistics},
     year = 2007,
    month = feb,
   volume = 133,
    pages = {734-754},
      doi = {10.1086/510127},
   adsurl = {http://adsabs.harvard.edu/abs/2007AJ....133..734B},
  adsnote = {Provided by the SAO/NASA Astrophysics Data System}
}


@ARTICLE{2007ApJS..172...99C,
   author = {{Capak}, P. and {Aussel}, H. and {Ajiki}, M. and {McCracken}, H.~J. and 
	{Mobasher}, B. and {Scoville}, N. and {Shopbell}, P. and {Taniguchi}, Y. and 
	{Thompson}, D. and {Tribiano}, S. and {Sasaki}, S. and {Blain}, A.~W. and 
	{Brusa}, M. and {Carilli}, C. and {Comastri}, A. and {Carollo}, C.~M. and 
	{Cassata}, P. and {Colbert}, J. and {Ellis}, R.~S. and {Elvis}, M. and 
	{Giavalisco}, M. and {Green}, W. and {Guzzo}, L. and {Hasinger}, G. and 
	{Ilbert}, O. and {Impey}, C. and {Jahnke}, K. and {Kartaltepe}, J. and 
	{Kneib}, J.-P. and {Koda}, J. and {Koekemoer}, A. and {Komiyama}, Y. and 
	{Leauthaud}, A. and {Le Fevre}, O. and {Lilly}, S. and {Liu}, C. and 
	{Massey}, R. and {Miyazaki}, S. and {Murayama}, T. and {Nagao}, T. and 
	{Peacock}, J.~A. and {Pickles}, A. and {Porciani}, C. and {Renzini}, A. and 
	{Rhodes}, J. and {Rich}, M. and {Salvato}, M. and {Sanders}, D.~B. and 
	{Scarlata}, C. and {Schiminovich}, D. and {Schinnerer}, E. and 
	{Scodeggio}, M. and {Sheth}, K. and {Shioya}, Y. and {Tasca}, L.~A.~M. and 
	{Taylor}, J.~E. and {Yan}, L. and {Zamorani}, G.},
    title = "{The First Release COSMOS Optical and Near-IR Data and Catalog}",
  journal = {\apjs},
archivePrefix = "arXiv",
   eprint = {0704.2430},
 keywords = {Cosmology: Observations, Galaxies: Evolution, Cosmology: Large-Scale Structure of Universe, Surveys},
     year = 2007,
    month = sep,
   volume = 172,
    pages = {99-116},
      doi = {10.1086/519081},
   adsurl = {http://adsabs.harvard.edu/abs/2007ApJS..172...99C},
  adsnote = {Provided by the SAO/NASA Astrophysics Data System}
}

@ARTICLE{2011ApJ...741....8C,
   author = {{Coil}, A.~L. and {Blanton}, M.~R. and {Burles}, S.~M. and {Cool}, R.~J. and 
	{Eisenstein}, D.~J. and {Moustakas}, J. and {Wong}, K.~C. and 
	{Zhu}, G. and {Aird}, J. and {Bernstein}, R.~A. and {Bolton}, A.~S. and 
	{Hogg}, D.~W.},
    title = "{The PRIsm MUlti-object Survey (PRIMUS). I. Survey Overview and Characteristics}",
  journal = {\apj},
archivePrefix = "arXiv",
   eprint = {1011.4307},
 keywords = {galaxies: distances and redshifts, galaxies: evolution, galaxies: high-redshift, large-scale structure of universe, surveys},
     year = 2011,
    month = nov,
   volume = 741,
      eid = {8},
    pages = {8},
      doi = {10.1088/0004-637X/741/1/8},
   adsurl = {http://adsabs.harvard.edu/abs/2011ApJ...741....8C},
  adsnote = {Provided by the SAO/NASA Astrophysics Data System}
}

@ARTICLE{2013ApJ...767..118C,
   author = {{Cool}, R.~J. and {Moustakas}, J. and {Blanton}, M.~R. and {Burles}, S.~M. and 
	{Coil}, A.~L. and {Eisenstein}, D.~J. and {Wong}, K.~C. and 
	{Zhu}, G. and {Aird}, J. and {Bernstein}, R.~A. and {Bolton}, A.~S. and 
	{Hogg}, D.~W. and {Mendez}, A.~J.},
    title = "{The PRIsm MUlti-object Survey (PRIMUS). II. Data Reduction and Redshift Fitting}",
  journal = {\apj},
archivePrefix = "arXiv",
   eprint = {1303.2672},
 keywords = {galaxies: distances and redshifts, galaxies: evolution, galaxies: high-redshift, large-scale structure of universe, surveys},
     year = 2013,
    month = apr,
   volume = 767,
      eid = {118},
    pages = {118},
      doi = {10.1088/0004-637X/767/2/118},
   adsurl = {http://adsabs.harvard.edu/abs/2013ApJ...767..118C},
  adsnote = {Provided by the SAO/NASA Astrophysics Data System}
}

@ARTICLE{1996AJ....112..839C,
   author = {{Cowie}, L.~L. and {Songaila}, A. and {Hu}, E.~M. and {Cohen}, J.~G.
	},
    title = "{New Insight on Galaxy Formation and Evolution From Keck Spectroscopy of the Hawaii Deep Fields}",
  journal = {\aj},
   eprint = {astro-ph/9606079},
 keywords = {GALAXIES: FORMATION, GALAXIES: EVOLUTION, SURVEYS},
     year = 1996,
    month = sep,
   volume = 112,
    pages = {839},
      doi = {10.1086/118058},
   adsurl = {http://adsabs.harvard.edu/abs/1996AJ....112..839C},
  adsnote = {Provided by the SAO/NASA Astrophysics Data System}
}

@ARTICLE{2015MNRAS.447.1014D,
   author = {{Davies}, L.~J.~M. and {Driver}, S.~P. and {Robotham}, A.~S.~G. and 
	{Baldry}, I.~K. and {Lange}, R. and {Liske}, J. and {Meyer}, M. and 
	{Popping}, A. and {Wilkins}, S.~M. and {Wright}, A.~H.},
    title = "{Galaxy And Mass Assembly (GAMA): curation and reanalysis of 16.6k redshifts in the G10/COSMOS region}",
  journal = {\mnras},
archivePrefix = "arXiv",
   eprint = {1409.3574},
 keywords = {catalogues, surveys, galaxies: distances and redshifts, galaxies: general, galaxies: high-redshift},
     year = 2015,
    month = feb,
   volume = 447,
    pages = {1014-1027},
      doi = {10.1093/mnras/stu2515},
   adsurl = {http://adsabs.harvard.edu/abs/2015MNRAS.447.1014D},
  adsnote = {Provided by the SAO/NASA Astrophysics Data System}
}

@ARTICLE{2008A&A...486..683G,
   author = {{Garilli}, B. and {Le F{\`e}vre}, O. and {Guzzo}, L. and {Maccagni}, D. and 
	{Le Brun}, V. and {de la Torre}, S. and {Meneux}, B. and {Tresse}, L. and 
	{Franzetti}, P. and {Zamorani}, G. and {Zanichelli}, A. and 
	{Gregorini}, L. and {Vergani}, D. and {Bottini}, D. and {Scaramella}, R. and 
	{Scodeggio}, M. and {Vettolani}, G. and {Adami}, C. and {Arnouts}, S. and 
	{Bardelli}, S. and {Bolzonella}, M. and {Cappi}, A. and {Charlot}, S. and 
	{Ciliegi}, P. and {Contini}, T. and {Foucaud}, S. and {Gavignaud}, I. and 
	{Ilbert}, O. and {Iovino}, A. and {Lamareille}, F. and {McCracken}, H.~J. and 
	{Marano}, B. and {Marinoni}, C. and {Mazure}, A. and {Merighi}, R. and 
	{Paltani}, S. and {Pell{\`o}}, R. and {Pollo}, A. and {Pozzetti}, L. and 
	{Radovich}, M. and {Zucca}, E. and {Blaizot}, J. and {Bongiorno}, A. and 
	{Cucciati}, O. and {Mellier}, Y. and {Moreau}, C. and {Paioro}, L.
	},
    title = "{The Vimos VLT deep survey. Global properties of 20,000 galaxies in the I$_{AB}$ $\lt$ 22.5 WIDE survey}",
  journal = {\aap},
archivePrefix = "arXiv",
   eprint = {0804.4568},
 keywords = {galaxies: fundamental parameters, cosmology: observations, cosmology: large-scale structure of Universe, catalogs},
     year = 2008,
    month = aug,
   volume = 486,
    pages = {683-695},
      doi = {10.1051/0004-6361:20078878},
   adsurl = {http://adsabs.harvard.edu/abs/2008A%26A...486..683G},
  adsnote = {Provided by the SAO/NASA Astrophysics Data System}
}

@ARTICLE{2005A&A...439..863I,
   author = {{Ilbert}, O. and {Tresse}, L. and {Zucca}, E. and {Bardelli}, S. and 
	{Arnouts}, S. and {Zamorani}, G. and {Pozzetti}, L. and {Bottini}, D. and 
	{Garilli}, B. and {Le Brun}, V. and {Le F{\`e}vre}, O. and {Maccagni}, D. and 
	{Picat}, J.-P. and {Scaramella}, R. and {Scodeggio}, M. and 
	{Vettolani}, G. and {Zanichelli}, A. and {Adami}, C. and {Arnaboldi}, M. and 
	{Bolzonella}, M. and {Cappi}, A. and {Charlot}, S. and {Contini}, T. and 
	{Foucaud}, S. and {Franzetti}, P. and {Gavignaud}, I. and {Guzzo}, L. and 
	{Iovino}, A. and {McCracken}, H.~J. and {Marano}, B. and {Marinoni}, C. and 
	{Mathez}, G. and {Mazure}, A. and {Meneux}, B. and {Merighi}, R. and 
	{Paltani}, S. and {Pello}, R. and {Pollo}, A. and {Radovich}, M. and 
	{Bondi}, M. and {Bongiorno}, A. and {Busarello}, G. and {Ciliegi}, P. and 
	{Lamareille}, F. and {Mellier}, Y. and {Merluzzi}, P. and {Ripepi}, V. and 
	{Rizzo}, D.},
    title = "{The VIMOS-VLT deep survey. Evolution of the galaxy luminosity function up to z = 2 in first epoch data}",
  journal = {\aap},
   eprint = {astro-ph/0409134},
 keywords = {surveys, galaxies: evolution, galaxies: luminosity function, mass function, galaxies: statistics},
     year = 2005,
    month = sep,
   volume = 439,
    pages = {863-876},
      doi = {10.1051/0004-6361:20041961},
   adsurl = {http://adsabs.harvard.edu/abs/2005A%26A...439..863I},
  adsnote = {Provided by the SAO/NASA Astrophysics Data System}
}

@ARTICLE{2009ApJ...690.1236I,
   author = {{Ilbert}, O. and {Capak}, P. and {Salvato}, M. and {Aussel}, H. and 
	{McCracken}, H.~J. and {Sanders}, D.~B. and {Scoville}, N. and 
	{Kartaltepe}, J. and {Arnouts}, S. and {Le Floc'h}, E. and {Mobasher}, B. and 
	{Taniguchi}, Y. and {Lamareille}, F. and {Leauthaud}, A. and 
	{Sasaki}, S. and {Thompson}, D. and {Zamojski}, M. and {Zamorani}, G. and 
	{Bardelli}, S. and {Bolzonella}, M. and {Bongiorno}, A. and 
	{Brusa}, M. and {Caputi}, K.~I. and {Carollo}, C.~M. and {Contini}, T. and 
	{Cook}, R. and {Coppa}, G. and {Cucciati}, O. and {de la Torre}, S. and 
	{de Ravel}, L. and {Franzetti}, P. and {Garilli}, B. and {Hasinger}, G. and 
	{Iovino}, A. and {Kampczyk}, P. and {Kneib}, J.-P. and {Knobel}, C. and 
	{Kovac}, K. and {Le Borgne}, J.~F. and {Le Brun}, V. and {F{\`e}vre}, O.~L. and 
	{Lilly}, S. and {Looper}, D. and {Maier}, C. and {Mainieri}, V. and 
	{Mellier}, Y. and {Mignoli}, M. and {Murayama}, T. and {Pell{\`o}}, R. and 
	{Peng}, Y. and {P{\'e}rez-Montero}, E. and {Renzini}, A. and 
	{Ricciardelli}, E. and {Schiminovich}, D. and {Scodeggio}, M. and 
	{Shioya}, Y. and {Silverman}, J. and {Surace}, J. and {Tanaka}, M. and 
	{Tasca}, L. and {Tresse}, L. and {Vergani}, D. and {Zucca}, E.
	},
    title = "{Cosmos Photometric Redshifts with 30-Bands for 2-deg$^{2}$}",
  journal = {\apj},
archivePrefix = "arXiv",
   eprint = {0809.2101},
 keywords = {galaxies: distances and redshifts, galaxies: evolution, galaxies: formation},
     year = 2009,
    month = jan,
   volume = 690,
    pages = {1236-1249},
      doi = {10.1088/0004-637X/690/2/1236},
   adsurl = {http://adsabs.harvard.edu/abs/2009ApJ...690.1236I},
  adsnote = {Provided by the SAO/NASA Astrophysics Data System}
}

@ARTICLE{2007ApJS..172..196K,
   author = {{Koekemoer}, A.~M. and {Aussel}, H. and {Calzetti}, D. and {Capak}, P. and 
	{Giavalisco}, M. and {Kneib}, J.-P. and {Leauthaud}, A. and 
	{Le F{\`e}vre}, O. and {McCracken}, H.~J. and {Massey}, R. and 
	{Mobasher}, B. and {Rhodes}, J. and {Scoville}, N. and {Shopbell}, P.~L.
	},
    title = "{The COSMOS Survey: Hubble Space Telescope Advanced Camera for Surveys Observations and Data Processing}",
  journal = {\apjs},
   eprint = {astro-ph/0703095},
 keywords = {Cosmology: Observations, Cosmology: Dark Matter, Galaxies: Evolution, Galaxies: Formation, Cosmology: Large-Scale Structure of Universe, Surveys},
     year = 2007,
    month = sep,
   volume = 172,
    pages = {196-202},
      doi = {10.1086/520086},
   adsurl = {http://adsabs.harvard.edu/abs/2007ApJS..172..196K},
  adsnote = {Provided by the SAO/NASA Astrophysics Data System}
}

@ARTICLE{2015MNRAS.447.2603L,
   author = {{Lange}, R. and {Driver}, S.~P. and {Robotham}, A.~S.~G. and 
	{Kelvin}, L.~S. and {Graham}, A.~W. and {Alpaslan}, M. and {Andrews}, S.~K. and 
	{Baldry}, I.~K. and {Bamford}, S. and {Bland-Hawthorn}, J. and 
	{Brough}, S. and {Cluver}, M.~E. and {Conselice}, C.~J. and 
	{Davies}, L.~J.~M. and {Haeussler}, B. and {Konstantopoulos}, I.~S. and 
	{Loveday}, J. and {Moffett}, A.~J. and {Norberg}, P. and {Phillipps}, S. and 
	{Taylor}, E.~N. and {L{\'o}pez-S{\'a}nchez}, {\'A}.~R. and {Wilkins}, S.~M.
	},
    title = "{Galaxy And Mass Assembly (GAMA): mass-size relations of z $\lt$ 0.1 galaxies subdivided by S{\'e}rsic index, colour and morphology}",
  journal = {\mnras},
archivePrefix = "arXiv",
   eprint = {1411.6355},
 keywords = {galaxies: elliptical and lenticular, cD, galaxies: formation, galaxies: fundamental parameters, galaxies: spiral, galaxies: statistics},
     year = 2015,
    month = mar,
   volume = 447,
    pages = {2603-2630},
      doi = {10.1093/mnras/stu2467},
   adsurl = {http://adsabs.harvard.edu/abs/2015MNRAS.447.2603L},
  adsnote = {Provided by the SAO/NASA Astrophysics Data System}
}


@ARTICLE{2009ApJS..184..218L,
   author = {{Lilly}, S.~J. and {Le Brun}, V. and {Maier}, C. and {Mainieri}, V. and 
	{Mignoli}, M. and {Scodeggio}, M. and {Zamorani}, G. and {Carollo}, M. and 
	{Contini}, T. and {Kneib}, J.-P. and {Le F{\`e}vre}, O. and 
	{Renzini}, A. and {Bardelli}, S. and {Bolzonella}, M. and {Bongiorno}, A. and 
	{Caputi}, K. and {Coppa}, G. and {Cucciati}, O. and {de la Torre}, S. and 
	{de Ravel}, L. and {Franzetti}, P. and {Garilli}, B. and {Iovino}, A. and 
	{Kampczyk}, P. and {Kovac}, K. and {Knobel}, C. and {Lamareille}, F. and 
	{Le Borgne}, J.-F. and {Pello}, R. and {Peng}, Y. and {P{\'e}rez-Montero}, E. and 
	{Ricciardelli}, E. and {Silverman}, J.~D. and {Tanaka}, M. and 
	{Tasca}, L. and {Tresse}, L. and {Vergani}, D. and {Zucca}, E. and 
	{Ilbert}, O. and {Salvato}, M. and {Oesch}, P. and {Abbas}, U. and 
	{Bottini}, D. and {Capak}, P. and {Cappi}, A. and {Cassata}, P. and 
	{Cimatti}, A. and {Elvis}, M. and {Fumana}, M. and {Guzzo}, L. and 
	{Hasinger}, G. and {Koekemoer}, A. and {Leauthaud}, A. and {Maccagni}, D. and 
	{Marinoni}, C. and {McCracken}, H. and {Memeo}, P. and {Meneux}, B. and 
	{Porciani}, C. and {Pozzetti}, L. and {Sanders}, D. and {Scaramella}, R. and 
	{Scarlata}, C. and {Scoville}, N. and {Shopbell}, P. and {Taniguchi}, Y.
	},
    title = "{The zCOSMOS 10k-Bright Spectroscopic Sample}",
  journal = {\apjs},
 keywords = {cosmology: observations, galaxies: active, galaxies: distances and redshifts, galaxies: evolution, large-scale structure of universe, quasars: general, surveys},
     year = 2009,
    month = oct,
   volume = 184,
    pages = {218-229},
      doi = {10.1088/0067-0049/184/2/218},
   adsurl = {http://adsabs.harvard.edu/abs/2009ApJS..184..218L},
  adsnote = {Provided by the SAO/NASA Astrophysics Data System}
}


@ARTICLE{2012A&A...544A.156M,
   author = {{McCracken}, H.~J. and {Milvang-Jensen}, B. and {Dunlop}, J. and 
	{Franx}, M. and {Fynbo}, J.~P.~U. and {Le F{\`e}vre}, O. and 
	{Holt}, J. and {Caputi}, K.~I. and {Goranova}, Y. and {Buitrago}, F. and 
	{Emerson}, J.~P. and {Freudling}, W. and {Hudelot}, P. and {L{\'o}pez-Sanjuan}, C. and 
	{Magnard}, F. and {Mellier}, Y. and {M{\o}ller}, P. and {Nilsson}, K.~K. and 
	{Sutherland}, W. and {Tasca}, L. and {Zabl}, J.},
    title = "{UltraVISTA: a new ultra-deep near-infrared survey in COSMOS}",
  journal = {\aap},
archivePrefix = "arXiv",
   eprint = {1204.6586},
 primaryClass = "astro-ph.CO",
 keywords = {surveys, galaxies: general, galaxies: high-redshift, cosmology: observations, large-scale structure of Universe},
     year = 2012,
    month = aug,
   volume = 544,
      eid = {A156},
    pages = {A156},
      doi = {10.1051/0004-6361/201219507},
   adsurl = {http://adsabs.harvard.edu/abs/2012A%26A...544A.156M},
  adsnote = {Provided by the SAO/NASA Astrophysics Data System}
}


@ARTICLE{2012MNRAS.424.1614O,
   author = {{Oliver}, S.~J. and {Bock}, J. and {Altieri}, B. and {Amblard}, A. and 
	{Arumugam}, V. and {Aussel}, H. and {Babbedge}, T. and {Beelen}, A. and 
	{B{\'e}thermin}, M. and {Blain}, A. and {Boselli}, A. and {Bridge}, C. and 
	{Brisbin}, D. and {Buat}, V. and {Burgarella}, D. and {Castro-Rodr{\'{\i}}guez}, N. and 
	{Cava}, A. and {Chanial}, P. and {Cirasuolo}, M. and {Clements}, D.~L. and 
	{Conley}, A. and {Conversi}, L. and {Cooray}, A. and {Dowell}, C.~D. and 
	{Dubois}, E.~N. and {Dwek}, E. and {Dye}, S. and {Eales}, S. and 
	{Elbaz}, D. and {Farrah}, D. and {Feltre}, A. and {Ferrero}, P. and 
	{Fiolet}, N. and {Fox}, M. and {Franceschini}, A. and {Gear}, W. and 
	{Giovannoli}, E. and {Glenn}, J. and {Gong}, Y. and {Gonz{\'a}lez Solares}, E.~A. and 
	{Griffin}, M. and {Halpern}, M. and {Harwit}, M. and {Hatziminaoglou}, E. and 
	{Heinis}, S. and {Hurley}, P. and {Hwang}, H.~S. and {Hyde}, A. and 
	{Ibar}, E. and {Ilbert}, O. and {Isaak}, K. and {Ivison}, R.~J. and 
	{Lagache}, G. and {Le Floc'h}, E. and {Levenson}, L. and {Faro}, B.~L. and 
	{Lu}, N. and {Madden}, S. and {Maffei}, B. and {Magdis}, G. and 
	{Mainetti}, G. and {Marchetti}, L. and {Marsden}, G. and {Marshall}, J. and 
	{Mortier}, A.~M.~J. and {Nguyen}, H.~T. and {O'Halloran}, B. and 
	{Omont}, A. and {Page}, M.~J. and {Panuzzo}, P. and {Papageorgiou}, A. and 
	{Patel}, H. and {Pearson}, C.~P. and {P{\'e}rez-Fournon}, I. and 
	{Pohlen}, M. and {Rawlings}, J.~I. and {Raymond}, G. and {Rigopoulou}, D. and 
	{Riguccini}, L. and {Rizzo}, D. and {Rodighiero}, G. and {Roseboom}, I.~G. and 
	{Rowan-Robinson}, M. and {S{\'a}nchez Portal}, M. and {Schulz}, B. and 
	{Scott}, D. and {Seymour}, N. and {Shupe}, D.~L. and {Smith}, A.~J. and 
	{Stevens}, J.~A. and {Symeonidis}, M. and {Trichas}, M. and 
	{Tugwell}, K.~E. and {Vaccari}, M. and {Valtchanov}, I. and 
	{Vieira}, J.~D. and {Viero}, M. and {Vigroux}, L. and {Wang}, L. and 
	{Ward}, R. and {Wardlow}, J. and {Wright}, G. and {Xu}, C.~K. and 
	{Zemcov}, M.},
    title = "{The Herschel Multi-tiered Extragalactic Survey: HerMES}",
  journal = {\mnras},
archivePrefix = "arXiv",
   eprint = {1203.2562},
 keywords = {surveys, galaxies: evolution, infrared: galaxies, submillimetre: galaxies },
     year = 2012,
    month = aug,
   volume = 424,
    pages = {1614-1635},
      doi = {10.1111/j.1365-2966.2012.20912.x},
   adsurl = {http://adsabs.harvard.edu/abs/2012MNRAS.424.1614O},
  adsnote = {Provided by the SAO/NASA Astrophysics Data System}
}


@ARTICLE{2011MNRAS.418.2350P,
   author = {{P{\'e}rez-Gallego}, J. and {Guzm{\'a}n}, R. and {Castillo-Morales}, A. and 
	{Gallego}, J. and {Castander}, F.~J. and {Garland}, C.~A. and 
	{Gruel}, N. and {Pisano}, D.~J. and {Zamorano}, J.},
    title = "{Three-dimensional spectroscopy of local luminous compact blue galaxies: kinematic maps of a sample of 22 objects}",
  journal = {\mnras},
archivePrefix = "arXiv",
   eprint = {1108.2994},
 keywords = {galaxies: kinematics and dynamics, galaxies: starburst},
     year = 2011,
    month = dec,
   volume = 418,
    pages = {2350-2366},
      doi = {10.1111/j.1365-2966.2011.19627.x},
   adsurl = {http://adsabs.harvard.edu/abs/2011MNRAS.418.2350P},
  adsnote = {Provided by the SAO/NASA Astrophysics Data System}
}


@ARTICLE{2007ApJS..172...86S,
   author = {{Sanders}, D.~B. and {Salvato}, M. and {Aussel}, H. and {Ilbert}, O. and 
	{Scoville}, N. and {Surace}, J.~A. and {Frayer}, D.~T. and {Sheth}, K. and 
	{Helou}, G. and {Brooke}, T. and {Bhattacharya}, B. and {Yan}, L. and 
	{Kartaltepe}, J.~S. and {Barnes}, J.~E. and {Blain}, A.~W. and 
	{Calzetti}, D. and {Capak}, P. and {Carilli}, C. and {Carollo}, C.~M. and 
	{Comastri}, A. and {Daddi}, E. and {Ellis}, R.~S. and {Elvis}, M. and 
	{Fall}, S.~M. and {Franceschini}, A. and {Giavalisco}, M. and 
	{Hasinger}, G. and {Impey}, C. and {Koekemoer}, A. and {Le F{\`e}vre}, O. and 
	{Lilly}, S. and {Liu}, M.~C. and {McCracken}, H.~J. and {Mobasher}, B. and 
	{Renzini}, A. and {Rich}, M. and {Schinnerer}, E. and {Shopbell}, P.~L. and 
	{Taniguchi}, Y. and {Thompson}, D.~J. and {Urry}, C.~M. and 
	{Williams}, J.~P.},
    title = "{S-COSMOS: The Spitzer Legacy Survey of the Hubble Space Telescope ACS 2 deg$^{2}$ COSMOS Field I: Survey Strategy and First Analysis}",
  journal = {\apjs},
   eprint = {astro-ph/0701318},
 keywords = {Cosmology: Observations, Galaxies: Evolution, Galaxies: Formation, Infrared: Galaxies, Cosmology: Large-Scale Structure of Universe, Surveys},
     year = 2007,
    month = sep,
   volume = 172,
    pages = {86-98},
      doi = {10.1086/517885},
   adsurl = {http://adsabs.harvard.edu/abs/2007ApJS..172...86S},
  adsnote = {Provided by the SAO/NASA Astrophysics Data System}
}


@ARTICLE{1976ApJ...203..297S,
   author = {{Schechter}, P.},
    title = "{An analytic expression for the luminosity function for galaxies.}",
  journal = {\apj},
     year = 1976,
    month = jan,
   volume = 203,
    pages = {297-306},
      doi = {10.1086/154079},
   adsurl = {http://adsabs.harvard.edu/abs/1976ApJ...203..297S},
  adsnote = {Provided by the SAO/NASA Astrophysics Data System}
}

@ARTICLE{2007ApJS..172....1S,
   author = {{Scoville}, N. and {Aussel}, H. and {Brusa}, M. and {Capak}, P. and 
	{Carollo}, C.~M. and {Elvis}, M. and {Giavalisco}, M. and {Guzzo}, L. and 
	{Hasinger}, G. and {Impey}, C. and {Kneib}, J.-P. and {LeFevre}, O. and 
	{Lilly}, S.~J. and {Mobasher}, B. and {Renzini}, A. and {Rich}, R.~M. and 
	{Sanders}, D.~B. and {Schinnerer}, E. and {Schminovich}, D. and 
	{Shopbell}, P. and {Taniguchi}, Y. and {Tyson}, N.~D.},
    title = "{The Cosmic Evolution Survey (COSMOS): Overview}",
  journal = {\apjs},
   eprint = {astro-ph/0612305},
 keywords = {Cosmology: Observations, Cosmology: Dark Matter, Galaxies: Evolution, Galaxies: Formation, Cosmology: Large-Scale Structure of Universe, Surveys},
     year = 2007,
    month = sep,
   volume = 172,
    pages = {1-8},
      doi = {10.1086/516585},
   adsurl = {http://adsabs.harvard.edu/abs/2007ApJS..172....1S},
  adsnote = {Provided by the SAO/NASA Astrophysics Data System}
}

@ARTICLE{2007ApJS..172....9T,
   author = {{Taniguchi}, Y. and {Scoville}, N. and {Murayama}, T. and {Sanders}, D.~B. and 
	{Mobasher}, B. and {Aussel}, H. and {Capak}, P. and {Ajiki}, M. and 
	{Miyazaki}, S. and {Komiyama}, Y. and {Shioya}, Y. and {Nagao}, T. and 
	{Sasaki}, S.~S. and {Koda}, J. and {Carilli}, C. and {Giavalisco}, M. and 
	{Guzzo}, L. and {Hasinger}, G. and {Impey}, C. and {LeFevre}, O. and 
	{Lilly}, S. and {Renzini}, A. and {Rich}, M. and {Schinnerer}, E. and 
	{Shopbell}, P. and {Kaifu}, N. and {Karoji}, H. and {Arimoto}, N. and 
	{Okamura}, S. and {Ohta}, K.},
    title = "{The Cosmic Evolution Survey (COSMOS): Subaru Observations of the HST Cosmos Field}",
  journal = {\apjs},
   eprint = {astro-ph/0612295},
 keywords = {Galaxies: Evolution, Galaxies: Interactions},
     year = 2007,
    month = sep,
   volume = 172,
    pages = {9-28},
      doi = {10.1086/516596},
   adsurl = {http://adsabs.harvard.edu/abs/2007ApJS..172....9T},
  adsnote = {Provided by the SAO/NASA Astrophysics Data System}
}

@ARTICLE{2015PASJ...67..104T,
   author = {{Taniguchi}, Y. and {Kajisawa}, M. and {Kobayashi}, M.~A.~R. and 
	{Shioya}, Y. and {Nagao}, T. and {Capak}, P.~L. and {Aussel}, H. and 
	{Ichikawa}, A. and {Murayama}, T. and {Scoville}, N.~Z. and 
	{Ilbert}, O. and {Salvato}, M. and {Sanders}, D.~B.~B. and {Mobasher}, B. and 
	{Miyazaki}, S. and {Komiyama}, Y. and {Le F{\`e}vre}, O. and 
	{Tasca}, L. and {Lilly}, S. and {Carollo}, M. and {Renzini}, A. and 
	{Rich}, M. and {Schinnerer}, E. and {Kaifu}, N. and {Karoji}, H. and 
	{Arimoto}, N. and {Okamura}, S. and {Ohta}, K. and {Shimasaku}, K. and 
	{Hayashino}, T.},
    title = "{The Subaru COSMOS 20: Subaru optical imaging of the HST COSMOS field with 20 filters*}",
  journal = {\pasj},
archivePrefix = "arXiv",
   eprint = {1510.00550},
 keywords = {methods: observational, surveys, techniques: photometric},
     year = 2015,
    month = dec,
   volume = 67,
      eid = {104},
    pages = {104},
      doi = {10.1093/pasj/psv106},
   adsurl = {http://adsabs.harvard.edu/abs/2015PASJ...67..104T},
  adsnote = {Provided by the SAO/NASA Astrophysics Data System}
}


@ARTICLE{2009A&A...503..379T,
   author = {{Tasca}, L.~A.~M. and {Kneib}, J.-P. and {Iovino}, A. and {Le F{\`e}vre}, O. and 
	{Kova{\v c}}, K. and {Bolzonella}, M. and {Lilly}, S.~J. and 
	{Abraham}, R.~G. and {Cassata}, P. and {Cucciati}, O. and {Guzzo}, L. and 
	{Tresse}, L. and {Zamorani}, G. and {Capak}, P. and {Garilli}, B. and 
	{Scodeggio}, M. and {Sheth}, K. and {Zucca}, E. and {Carollo}, C.~M. and 
	{Contini}, T. and {Mainieri}, V. and {Renzini}, A. and {Bardelli}, S. and 
	{Bongiorno}, A. and {Caputi}, K. and {Coppa}, G. and {de La Torre}, S. and 
	{de Ravel}, L. and {Franzetti}, P. and {Kampczyk}, P. and {Knobel}, C. and 
	{Koekemoer}, A.~M. and {Lamareille}, F. and {Le Borgne}, J.-F. and 
	{Le Brun}, V. and {Maier}, C. and {Mignoli}, M. and {Pello}, R. and 
	{Peng}, Y. and {Perez Montero}, E. and {Ricciardelli}, E. and 
	{Silverman}, J.~D. and {Vergani}, D. and {Tanaka}, M. and {Abbas}, U. and 
	{Bottini}, D. and {Cappi}, A. and {Cimatti}, A. and {Ilbert}, O. and 
	{Leauthaud}, A. and {Maccagni}, D. and {Marinoni}, C. and {McCracken}, H.~J. and 
	{Memeo}, P. and {Meneux}, B. and {Oesch}, P. and {Porciani}, C. and 
	{Pozzetti}, L. and {Scaramella}, R. and {Scarlata}, C.},
    title = "{The zCOSMOS redshift survey: the role of environment and stellar mass in shaping the rise of the morphology-density relation from z \~{} 1}",
  journal = {\aap},
archivePrefix = "arXiv",
   eprint = {0906.4556},
 keywords = {galaxies: fundamental parameters, cosmology: large-scale structure of universe, galaxies: distances and redshifts, galaxies: structure, galaxies: evolution, Galaxy: formation},
     year = 2009,
    month = aug,
   volume = 503,
    pages = {379-398},
      doi = {10.1051/0004-6361/200912213},
   adsurl = {http://adsabs.harvard.edu/abs/2009A%26A...503..379T},
  adsnote = {Provided by the SAO/NASA Astrophysics Data System}
}

@ARTICLE{2004ApJ...617.1004W,
   author = {{Werk}, J.~K. and {Jangren}, A. and {Salzer}, J.~J.},
    title = "{Luminous Compact Blue Galaxies in the Local Universe}",
  journal = {\apj},
   eprint = {astro-ph/0410127},
 keywords = {Galaxies: Abundances, Galaxies: Active, Galaxies: Evolution, Galaxies: Starburst, Galaxies: Structure},
     year = 2004,
    month = dec,
   volume = 617,
    pages = {1004-1016},
      doi = {10.1086/425414},
   adsurl = {http://adsabs.harvard.edu/abs/2004ApJ...617.1004W},
  adsnote = {Provided by the SAO/NASA Astrophysics Data System}
}

@ARTICLE{2006ApJ...647..853W,
   author = {{Willmer}, C.~N.~A. and {Faber}, S.~M. and {Koo}, D.~C. and 
	{Weiner}, B.~J. and {Newman}, J.~A. and {Coil}, A.~L. and {Connolly}, A.~J. and 
	{Conroy}, C. and {Cooper}, M.~C. and {Davis}, M. and {Finkbeiner}, D.~P. and 
	{Gerke}, B.~F. and {Guhathakurta}, P. and {Harker}, J. and {Kaiser}, N. and 
	{Kassin}, S. and {Konidaris}, N.~P. and {Lin}, L. and {Luppino}, G. and 
	{Madgwick}, D.~S. and {Noeske}, K.~G. and {Phillips}, A.~C. and 
	{Yan}, R.},
    title = "{The Deep Evolutionary Exploratory Probe 2 Galaxy Redshift Survey: The Galaxy Luminosity Function to z\~{}1}",
  journal = {\apj},
   eprint = {astro-ph/0506041},
 keywords = {Galaxies: Distances and Redshifts, Galaxies: Evolution, Galaxies: Luminosity Function, Mass Function},
     year = 2006,
    month = aug,
   volume = 647,
    pages = {853-873},
      doi = {10.1086/505455},
   adsurl = {http://adsabs.harvard.edu/abs/2006ApJ...647..853W},
  adsnote = {Provided by the SAO/NASA Astrophysics Data System}
}

@ARTICLE{2016MNRAS.460..765W,
   author = {{Wright}, A.~H. and {Robotham}, A.~S.~G. and {Bourne}, N. and 
	{Driver}, S.~P. and {Dunne}, L. and {Maddox}, S.~J. and {Alpaslan}, M. and 
	{Andrews}, S.~K. and {Bauer}, A.~E. and {Bland-Hawthorn}, J. and 
	{Brough}, S. and {Brown}, M.~J.~I. and {Clarke}, C. and {Cluver}, M. and 
	{Davies}, L.~J.~M. and {Grootes}, M.~W. and {Holwerda}, B.~W. and 
	{Hopkins}, A.~M. and {Jarrett}, T.~H. and {Kafle}, P.~R. and 
	{Lange}, R. and {Liske}, J. and {Loveday}, J. and {Moffett}, A.~J. and 
	{Norberg}, P. and {Popescu}, C.~C. and {Smith}, M. and {Taylor}, E.~N. and 
	{Tuffs}, R.~J. and {Wang}, L. and {Wilkins}, S.~M.},
    title = "{Galaxy And Mass Assembly: accurate panchromatic photometry from optical priors using LAMBDAR}",
  journal = {\mnras},
archivePrefix = "arXiv",
   eprint = {1604.01923},
 keywords = {techniques: photometric, astronomical data bases: miscellaneous, galaxies: evolution, galaxies: general, galaxies: photometry},
     year = 2016,
    month = jul,
   volume = 460,
    pages = {765-801},
      doi = {10.1093/mnras/stw832},
   adsurl = {http://adsabs.harvard.edu/abs/2016MNRAS.460..765W},
  adsnote = {Provided by the SAO/NASA Astrophysics Data System}
}

@ARTICLE{2007ApJS..172..468Z,
   author = {{Zamojski}, M.~A. and {Schiminovich}, D. and {Rich}, R.~M. and 
	{Mobasher}, B. and {Koekemoer}, A.~M. and {Capak}, P. and {Taniguchi}, Y. and 
	{Sasaki}, S.~S. and {McCracken}, H.~J. and {Mellier}, Y. and 
	{Bertin}, E. and {Aussel}, H. and {Sanders}, D.~B. and {Le F{\`e}vre}, O. and 
	{Ilbert}, O. and {Salvato}, M. and {Thompson}, D.~J. and {Kartaltepe}, J.~S. and 
	{Scoville}, N. and {Barlow}, T.~A. and {Forster}, K. and {Friedman}, P.~G. and 
	{Martin}, D.~C. and {Morrissey}, P. and {Neff}, S.~G. and {Seibert}, M. and 
	{Small}, T. and {Wyder}, T.~K. and {Bianchi}, L. and {Donas}, J. and 
	{Heckman}, T.~M. and {Lee}, Y.-W. and {Madore}, B.~F. and {Milliard}, B. and 
	{Szalay}, A.~S. and {Welsh}, B.~Y. and {Yi}, S.~K.},
    title = "{Deep GALEX Imaging of the COSMOS HST Field: A First Look at the Morphology of z \~{} 0.7 Star-forming Galaxies}",
  journal = {\apjs},
   eprint = {astro-ph/0701478},
 keywords = {Galaxies: Evolution, Galaxies: Fundamental Parameters, Surveys},
     year = 2007,
    month = sep,
   volume = 172,
    pages = {468-493},
      doi = {10.1086/516593},
   adsurl = {http://adsabs.harvard.edu/abs/2007ApJS..172..468Z},
  adsnote = {Provided by the SAO/NASA Astrophysics Data System}
}

@ARTICLE{2009A&A...508.1217Z,
   author = {{Zucca}, E. and {Bardelli}, S. and {Bolzonella}, M. and {Zamorani}, G. and 
	{Ilbert}, O. and {Pozzetti}, L. and {Mignoli}, M. and {Kova{\v c}}, K. and 
	{Lilly}, S. and {Tresse}, L. and {Tasca}, L. and {Cassata}, P. and 
	{Halliday}, C. and {Vergani}, D. and {Caputi}, K. and {Carollo}, C.~M. and 
	{Contini}, T. and {Kneib}, J.-P. and {Le F{\`e}vre}, O. and 
	{Mainieri}, V. and {Renzini}, A. and {Scodeggio}, M. and {Bongiorno}, A. and 
	{Coppa}, G. and {Cucciati}, O. and {de La Torre}, S. and {de Ravel}, L. and 
	{Franzetti}, P. and {Garilli}, B. and {Iovino}, A. and {Kampczyk}, P. and 
	{Knobel}, C. and {Lamareille}, F. and {Le Borgne}, J.-F. and 
	{Le Brun}, V. and {Maier}, C. and {Pell{\`o}}, R. and {Peng}, Y. and 
	{Perez-Montero}, E. and {Ricciardelli}, E. and {Silverman}, J.~D. and 
	{Tanaka}, M. and {Abbas}, U. and {Bottini}, D. and {Cappi}, A. and 
	{Cimatti}, A. and {Guzzo}, L. and {Koekemoer}, A.~M. and {Leauthaud}, A. and 
	{Maccagni}, D. and {Marinoni}, C. and {McCracken}, H.~J. and 
	{Memeo}, P. and {Meneux}, B. and {Moresco}, M. and {Oesch}, P. and 
	{Porciani}, C. and {Scaramella}, R. and {Arnouts}, S. and {Aussel}, H. and 
	{Capak}, P. and {Kartaltepe}, J. and {Salvato}, M. and {Sanders}, D. and 
	{Scoville}, N. and {Taniguchi}, Y. and {Thompson}, D.},
    title = "{The zCOSMOS survey: the role of the environment in the evolution of the luminosity function of different galaxy types}",
  journal = {\aap},
archivePrefix = "arXiv",
   eprint = {0909.4674},
 keywords = {galaxies: evolution, galaxies: luminosity function, mass function, galaxies: statistics, Surveys},
     year = 2009,
    month = dec,
   volume = 508,
    pages = {1217-1234},
      doi = {10.1051/0004-6361/200912665},
   adsurl = {http://adsabs.harvard.edu/abs/2009A%26A...508.1217Z},
  adsnote = {Provided by the SAO/NASA Astrophysics Data System}
}

@ARTICLE{2017arXiv170604534R,
   author = {{Randriamampandry}, S.~M. and {Crawford}, S.~M. and {Bershady}, M.~A. and 
	{Wirth}, G.~D. and {Cress}, C.~M.},
    title = "{Star-forming Galaxies in Intermediate Redshift Clusters: Stellar vs. Dynamical Masses of Luminous Compact Blue Galaxies}",
  journal = {ArXiv e-prints},
archivePrefix = "arXiv",
   eprint = {1706.04534},
 keywords = {Astrophysics - Astrophysics of Galaxies},
     year = 2017,
    month = jun,
   adsurl = {http://adsabs.harvard.edu/abs/2017arXiv170604534R},
  adsnote = {Provided by the SAO/NASA Astrophysics Data System}
  }
  @ARTICLE{2009MNRAS.399.1191C,
   author = {{Cardamone}, C. and {Schawinski}, K. and {Sarzi}, M. and {Bamford}, S.~P. and 
	{Bennert}, N. and {Urry}, C.~M. and {Lintott}, C. and {Keel}, W.~C. and 
	{Parejko}, J. and {Nichol}, R.~C. and {Thomas}, D. and {Andreescu}, D. and 
	{Murray}, P. and {Raddick}, M.~J. and {Slosar}, A. and {Szalay}, A. and 
	{Vandenberg}, J.},
    title = "{Galaxy Zoo Green Peas: discovery of a class of compact extremely star-forming galaxies}",
  journal = {\mnras},
archivePrefix = "arXiv",
   eprint = {0907.4155},
 keywords = {galaxies: dwarf , galaxies: evolution , galaxies: formation , galaxies: high-redshift , galaxies: Seyfert , galaxies: starburst},
     year = 2009,
    month = nov,
   volume = 399,
    pages = {1191-1205},
      doi = {10.1111/j.1365-2966.2009.15383.x},
   adsurl = {http://adsabs.harvard.edu/abs/2009MNRAS.399.1191C},
  adsnote = {Provided by the SAO/NASA Astrophysics Data System}
}

  @ARTICLE{2006ApJ...640L.143N,
   author = {{Noeske}, K.~G. and {Koo}, D.~C. and {Phillips}, A.~C. and {Willmer}, C.~N.~A. and 
	{Melbourne}, J. and {Gil de Paz}, A. and {Papaderos}, P.},
    title = "{Luminous Compact Blue Galaxies up to z\~{}1 in the Hubble Space Telescope Ultra Deep Field. I. Small Galaxies or Blue Centers of Massive Disks?}",
  journal = {\apjl},
   eprint = {astro-ph/0602610},
 keywords = {Galaxies: Compact, Galaxies: Evolution, Galaxies: High-Redshift, Galaxies: Kinematics and Dynamics, Galaxies: Starburst, Galaxies: Structure},
     year = 2006,
    month = apr,
   volume = 640,
    pages = {L143-L146},
      doi = {10.1086/503556},
   adsurl = {http://adsabs.harvard.edu/abs/2006ApJ...640L.143N},
  adsnote = {Provided by the SAO/NASA Astrophysics Data System}
  }
  
  
@ARTICLE{2005ApJ...619L..35H,
   author = {{Heckman}, T.~M. and {Hoopes}, C.~G. and {Seibert}, M. and {Martin}, D.~C. and 
	{Salim}, S. and {Rich}, R.~M. and {Kauffmann}, G. and {Charlot}, S. and 
	{Barlow}, T.~A. and {Bianchi}, L. and {Byun}, Y.-I. and {Donas}, J. and 
	{Forster}, K. and {Friedman}, P.~G. and {Jelinsky}, P.~N. and 
	{Lee}, Y.-W. and {Madore}, B.~F. and {Malina}, R.~F. and {Milliard}, B. and 
	{Morrissey}, P.~F. and {Neff}, S.~G. and {Schiminovich}, D. and 
	{Siegmund}, O.~H.~W. and {Small}, T. and {Szalay}, A.~S. and 
	{Welsh}, B.~Y. and {Wyder}, T.~K.},
    title = "{The Properties of Ultraviolet-luminous Galaxies at the Current Epoch}",
  journal = {\apjl},
   eprint = {astro-ph/0412577},
 keywords = {Galaxies: Evolution, Galaxies: General, Galaxies: Starburst, Ultraviolet: Galaxies},
     year = 2005,
    month = jan,
   volume = 619,
    pages = {L35-L38},
      doi = {10.1086/425979},
   adsurl = {http://adsabs.harvard.edu/abs/2005ApJ...619L..35H},
  adsnote = {Provided by the SAO/NASA Astrophysics Data System}
}

@ARTICLE{2017A&A...602A...1S,
   author = {{Smol{\v c}i{\'c}}, V. and {Novak}, M. and {Bondi}, M. and {Ciliegi}, P. and 
	{Mooley}, K.~P. and {Schinnerer}, E. and {Zamorani}, G. and 
	{Navarrete}, F. and {Bourke}, S. and {Karim}, A. and {Vardoulaki}, E. and 
	{Leslie}, S. and {Delhaize}, J. and {Carilli}, C.~L. and {Myers}, S.~T. and 
	{Baran}, N. and {Delvecchio}, I. and {Miettinen}, O. and {Banfield}, J. and 
	{Balokovi{\'c}}, M. and {Bertoldi}, F. and {Capak}, P. and {Frail}, D.~A. and 
	{Hallinan}, G. and {Hao}, H. and {Herrera Ruiz}, N. and {Horesh}, A. and 
	{Ilbert}, O. and {Intema}, H. and {Jeli{\'c}}, V. and {Kl{\"o}ckner}, H.-R. and 
	{Krpan}, J. and {Kulkarni}, S.~R. and {McCracken}, H. and {Laigle}, C. and 
	{Middleberg}, E. and {Murphy}, E.~J. and {Sargent}, M. and {Scoville}, N.~Z. and 
	{Sheth}, K.},
    title = "{The VLA-COSMOS 3 GHz Large Project: Continuum data and source catalog release}",
  journal = {\aap},
archivePrefix = "arXiv",
   eprint = {1703.09713},
 keywords = {catalogs, cosmology: observations, radio continuum: galaxies},
     year = 2017,
    month = jun,
   volume = 602,
      eid = {A1},
    pages = {A1},
      doi = {10.1051/0004-6361/201628704},
   adsurl = {http://adsabs.harvard.edu/abs/2017A%26A...602A...1S},
  adsnote = {Provided by the SAO/NASA Astrophysics Data System}
}

@ARTICLE{2003ApJ...586L..45G,
   author = {{Guzm{\'a}n}, R. and {{\"O}stlin}, G. and {Kunth}, D. and {Bershady}, M.~A. and 
	{Koo}, D.~C. and {Pahre}, M.~A.},
    title = "{Stellar Masses of Luminous Compact Blue Galaxies at Redshifts z = 0.4-1.2}",
  journal = {\apjl},
   eprint = {astro-ph/0302255},
 keywords = {Galaxies: Evolution, Galaxies: Fundamental Parameters, Galaxies: Photometry, Galaxies: Starburst, Galaxies: Stellar Content},
     year = 2003,
    month = mar,
   volume = 586,
    pages = {L45-L48},
      doi = {10.1086/374611},
   adsurl = {http://adsabs.harvard.edu/abs/2003ApJ...586L..45G},
  adsnote = {Provided by the SAO/NASA Astrophysics Data System}
}

@ARTICLE{2004AJ....128.1541H,
   author = {{Hoyos}, C. and {Guzm{\'a}n}, R. and {Bershady}, M.~A. and {Koo}, D.~C. and 
	{D{\'{\i}}az}, A.~I.},
    title = "{Hubble Space Telescope Spectroscopy of Four Luminous Compact Blue Galaxies at Intermediate Redshift}",
  journal = {\aj},
 keywords = {Galaxies: Evolution, Galaxies: ISM, Galaxies: Starburst},
     year = 2004,
    month = oct,
   volume = 128,
    pages = {1541-1551},
      doi = {10.1086/423905},
   adsurl = {http://adsabs.harvard.edu/abs/2004AJ....128.1541H},
  adsnote = {Provided by the SAO/NASA Astrophysics Data System}
}


@ARTICLE{2016ApJ...819...62C,
   author = {{Civano}, F. and {Marchesi}, S. and {Comastri}, A. and {Urry}, M.~C. and 
	{Elvis}, M. and {Cappelluti}, N. and {Puccetti}, S. and {Brusa}, M. and 
	{Zamorani}, G. and {Hasinger}, G. and {Aldcroft}, T. and {Alexander}, D.~M. and 
	{Allevato}, V. and {Brunner}, H. and {Capak}, P. and {Finoguenov}, A. and 
	{Fiore}, F. and {Fruscione}, A. and {Gilli}, R. and {Glotfelty}, K. and 
	{Griffiths}, R.~E. and {Hao}, H. and {Harrison}, F.~A. and {Jahnke}, K. and 
	{Kartaltepe}, J. and {Karim}, A. and {LaMassa}, S.~M. and {Lanzuisi}, G. and 
	{Miyaji}, T. and {Ranalli}, P. and {Salvato}, M. and {Sargent}, M. and 
	{Scoville}, N.~J. and {Schawinski}, K. and {Schinnerer}, E. and 
	{Silverman}, J. and {Smolcic}, V. and {Stern}, D. and {Toft}, S. and 
	{Trakhenbrot}, B. and {Treister}, E. and {Vignali}, C.},
    title = "{The Chandra Cosmos Legacy Survey: Overview and Point Source Catalog}",
  journal = {\apj},
archivePrefix = "arXiv",
   eprint = {1601.00941},
 keywords = {catalogs, cosmology: observations, galaxies: evolution, quasars: general, surveys, X-rays: general},
     year = 2016,
    month = mar,
   volume = 819,
      eid = {62},
    pages = {62},
      doi = {10.3847/0004-637X/819/1/62},
   adsurl = {http://adsabs.harvard.edu/abs/2016ApJ...819...62C},
  adsnote = {Provided by the SAO/NASA Astrophysics Data System}
}
